@book{narayanan2016bitcoin,
  title={Bitcoin and cryptocurrency technologies: a comprehensive introduction},
  author={Narayanan, Arvind and Bonneau, Joseph and Felten, Edward and Miller, Andrew and Goldfeder, Steven},
  year={2016},
  publisher={Princeton University Press}
}
@inproceedings{haber1990time,
  title={How to time-stamp a digital document},
  author={Haber, Stuart and Stornetta, W Scott},
  year={1990},
  organization={Journal of Cryptology}
}
@incollection{bayer1993improving,
  title={Improving the efficiency and reliability of digital time-stamping},
  author={Bayer, Dave and Haber, Stuart and Stornetta, W Scott},
  year={1993},
  publisher={Springer}
}
@article{theeconomist1,
  title={The great chain of being sure about things},
  url={https://www.economist.com/briefing/2015/10/31/the-great-chain-of-being-sure-about-things},
  journal={The Economist},
  publisher={The Economist Newspaper}
}
@article{popper2016venture,
  title={A venture fund with plenty of virtual capital, but no capitalist},
  author={Popper, Nathan},
  journal={New York Times},
  volume={21},
  year={2016}
}
@article{morris2014bitcoin,
  title={Bitcoin is not just digital currency. It's Napster for finance},
  author={Morris, David},
  journal={CNN Money},
  year={2014}
}
@BOOK {schulpenrubenr.w.h.g.2018,
    author    = "Schulpen, Ruben R.W.H.G.",
    title     = "Smart contracts in the Netherlands - University of Tilburg",
    publisher = "uvt.nl. Twente University",
    year      = "2018",
    month     = "aug"
}
@ONLINE {ethwp,
    author = "Buterin, Vitalik",
    title  = "Ethereum White Paper",
    url    = "https://github.com/ethereum/wiki/wiki/White-Paper"
}
@inproceedings{cachin2016architecture,
  title={Architecture of the hyperledger blockchain fabric},
  author={Cachin, Christian},
  booktitle={Workshop on distributed cryptocurrencies and consensus ledgers},
  volume={310},
  pages={4},
  year={2016}
}
@article{peck2016ethereum,
  title={Ethereum's \$150-Million Blockchain-Powered Fund Opens Just as Researchers Call For a Halt},
  author={Peck, Morgen},
  journal={IEEE Spectrum},
  year={2016}
}
@article{popper2016hacker,
  title={Hacker may have taken \$50 million from cybercurrency project},
  author={Popper, Nathaniel},
  journal={The New York Times},
  volume={17},
  year={2016}
}
@ONLINE {bcdifficulty,
    title = "Difficulty",
	author = "Bitcoin",
    url   = "https://en.bitcoin.it/wiki/Difficulty"
}
@ONLINE {ethfaq,
    author = "Buterin",
    title  = "Proof of Stake FAQ",
    url    = "https://github.com/ethereum/wiki/wiki/Proof-of-Stake-FAQ"
}
@ONLINE {bcirrtran,
    title = "Irreversible Transactions",
	author = "Bitcoin",
    url   = "https://en.bitcoin.it/wiki/Irreversible_Transactions"
}
@article{zamfir2017casper,
  title={Casper the friendly ghost: A correct by construction blockchain consensus protocol},
  author={Zamfir, Vlad},
  journal={White paper: https://github.com/ethereum/research/blob/master/papers/caspertfg/caspertfg.pdf},
  year={2017}
}
@article{buterin2017casper,
  title={Casper the friendly finality gadget},
  author={Buterin, Vitalik and Griffith, Virgil},
  journal={arXiv preprint arXiv:1710.09437},
  year={2017}
}
@ONLINE {vladzamfir2016,
    author = "Vlad Zamfir",
    title  = "The History of Casper â€” Chapter 4",
    month  = "dec",
    year   = "2016",
    url    = "https://medium.com/@Vlad_Zamfir/the-history-of-casper-chapter-4-3855638b5f0e"
}
@ARTICLE {chohanusmanw2019,
    author  = "Chohan, Usman W",
    title   = "The Limits to Blockchain? Scaling vs. Decentralization",
    journal = "Cybersecurity, Privacy \& Networks eJournal",
    year    = "2019"
}
@inproceedings{croman2016scaling,
  title={On scaling decentralized blockchains},
  author={Croman, Kyle and Decker, Christian and Eyal, Ittay and Gencer, Adem Efe and Juels, Ari and Kosba, Ahmed and Miller, Andrew and Saxena, Prateek and Shi, Elaine and Sirer, Emin G{\"u}n and others},
  booktitle={International Conference on Financial Cryptography and Data Security},
  pages={106--125},
  year={2016},
  organization={Springer}
}
@inproceedings{bondi2000characteristics,
  title={Characteristics of scalability and their impact on performance},
  author={Bondi, Andr{\'e} B},
  booktitle={Proceedings of the 2nd international workshop on Software and performance},
  pages={195--203},
  year={2000},
  organization={ACM}
}
@article{bcdevrole,
	title={The Developing Role of Blockchain},
	author={WorldEnergyCouncil, PricewaterhouseCoopers},
	journal={White paper: https://www.worldenergy.org/assets/downloads/Full-White-paper\_the-developing-role-of-blockchain.pdf},
	year={2017}
}