@book{barnett2005universe,
  title={The Universe and Dr. Einstein},
  author={Barnett, Lincoln and Einstein, Albert},
  year={2005},
  publisher={Courier Corporation}
}
